@TechReport{Sand98-0730,
  author=       {Tamara K. Locke},
  title=        {Guide to Preparing {SAND} Reports},
  institution=  {Sandia National Laboratories},
  year=         {1998},
  month=	may,
  type=         {Technical report},
  number=       {SAND98-0730},
  address=	{Albuquerque, New Mexico 87185 and Livermore, California 94550},
}

@Article{Potter,
    author=	{Harry Potter},
    title=	{On the Use of Magic in Muggle Science},
    journal=	{Journal of Magic and Wizardry},
    year=	{2002},
    volume=	{784},
    number=	{3},
    pages=	{121--130},
}

@Article{Rolf,
    author=	{Rolf Riesen},
    title=	{Do not cite this},
    journal=	{Journal of Magic and Wizardry},
    year=	{2002},
    volume=	{784},
    number=	{3},
    pages=	{121--130},
}
